@inproceedings{rajadesingan2020quick,
  title={Quick, community-specific learning: How distinctive toxicity norms are maintained in political subreddits},
  author={Rajadesingan, Ashwin and Resnick, Paul and Budak, Ceren},
  booktitle={Proceedings of the International AAAI Conference on Web and Social Media},
  volume={14},
  pages={557--568},
  year={2020}
}

@article{goel2016structural,
  title={The structural virality of online diffusion},
  author={Goel, Sharad and Anderson, Ashton and Hofman, Jake and Watts, Duncan J},
  journal={Management Science},
  volume={62},
  number={1},
  pages={180--196},
  year={2016},
  publisher={INFORMS}
}

@article{eom2014generalized,
  title={Generalized friendship paradox in complex networks: The case of scientific collaboration},
  author={Eom, Young-Ho and Jo, Hang-Hyun},
  journal={Scientific reports},
  volume={4},
  number={1},
  pages={1--6},
  year={2014},
  publisher={Nature Publishing Group}
}

@inproceedings{conover2011political,
  title={Political polarization on twitter},
  author={Conover, Michael D and Ratkiewicz, Jacob and Francisco, Matthew and Gon{\c{c}}alves, Bruno and Menczer, Filippo and Flammini, Alessandro},
  booktitle={Fifth international AAAI conference on weblogs and social media},
  year={2011}
}

@inproceedings{yang2010predicting,
  title={Predicting the speed, scale, and range of information diffusion in twitter},
  author={Yang, Jiang and Counts, Scott},
  booktitle={Fourth International AAAI Conference on Weblogs and Social Media},
  year={2010}
}

@inproceedings{bakshy2011everyone,
  title={Everyone's an influencer: quantifying influence on twitter},
  author={Bakshy, Eytan and Hofman, Jake M and Mason, Winter A and Watts, Duncan J},
  booktitle={Proceedings of the fourth ACM international conference on Web search and data mining},
  pages={65--74},
  year={2011}
}

