% Use https://mathscinet.ams.org/mrlookup to find bibtex data for published articles
% Other websites such as google scholar also provide bibtex data
% Choose "BibTex" format on the website before you search
% The first parameter in each BibTex entry
% (for example Tverberg:1996tb) is the cite key for you article

@inproceedings{rajadesingan2020quick,
  title={Quick, community-specific learning: How distinctive toxicity norms are maintained in political subreddits},
  author={Rajadesingan, Ashwin and Resnick, Paul and Budak, Ceren},
  booktitle={Proceedings of the International AAAI Conference on Web and Social Media},
  volume={14},
  pages={557--568},
  year={2020}
}

@article{foti2011nonparametric,
  title={Nonparametric sparsification of complex multiscale networks},
  author={Foti, Nicholas J and Hughes, James M and Rockmore, Daniel N},
  journal={PloS one},
  volume={6},
  number={2},
  pages={e16431},
  year={2011},
  publisher={Public Library of Science San Francisco, USA}
}

@article{goel2016structural,
  title={The structural virality of online diffusion},
  author={Goel, Sharad and Anderson, Ashton and Hofman, Jake and Watts, Duncan J},
  journal={Management Science},
  volume={62},
  number={1},
  pages={180--196},
  year={2016},
  publisher={INFORMS}
}

@article{serrano2009extracting,
  title={Extracting the multiscale backbone of complex weighted networks},
  author={Serrano, M {\'A}ngeles and Bogun{\'a}, Mari{\'a}n and Vespignani, Alessandro},
  journal={Proceedings of the national academy of sciences},
  volume={106},
  number={16},
  pages={6483--6488},
  year={2009},
  publisher={National Acad Sciences}
}

@article{morales2021no,
  title={No echo in the chambers of political interactions on Reddit},
  author={Morales, Gianmarco De Francisci and Monti, Corrado and Starnini, Michele},
  journal={Scientific Reports},
  volume={11},
  number={1},
  pages={1--12},
  year={2021},
  publisher={Nature Publishing Group}
}

@article{brandes2001faster,
  title={A faster algorithm for betweenness centrality},
  author={Brandes, Ulrik},
  journal={Journal of mathematical sociology},
  volume={25},
  number={2},
  pages={163--177},
  year={2001},
  publisher={Taylor \& Francis}
}

@article{eom2014generalized,
  title={Generalized friendship paradox in complex networks: The case of scientific collaboration},
  author={Eom, Young-Ho and Jo, Hang-Hyun},
  journal={Scientific reports},
  volume={4},
  number={1},
  pages={1--6},
  year={2014},
  publisher={Nature Publishing Group}
}




